<?xml version="1.0" encoding="UTF-8"?><collection xmlns="http://www.loc.gov/MARC21/slim"><record><leader>00352nam--2200121-i-4500</leader><controlfield tag="001">000003149</controlfield><controlfield tag="002">20161230</controlfield><controlfield tag="005">20161230201025</controlfield><controlfield tag="008">060222s1000------------r-----000-0-eng-d</controlfield><datafield ind1=" " ind2=" " tag="100"><subfield code="a">Bromsted, J.N</subfield></datafield><datafield ind1=" " ind2=" " tag="245"><subfield code="a">Principles and problems in energetics. transla ted from danish. foreword by k.la mer</subfield></datafield><datafield ind1=" " ind2=" " tag="260"><subfield code="a">New York, Interscience, 1955</subfield></datafield><datafield ind1=" " ind2=" " tag="490"><subfield code="a">Vi + 119 P</subfield></datafield></record></collection>